%Text in geschwungenen Klammern bleibt unver√§ndert, jedoch werden auch
%TeX-Befehle bedingt angewendet.
@Book{b:hoecker,
author = {Bernhard Ho{\"{e}}cker},
title = {Aufzeichnungen eines Schnitzelj{\"{a}}gers: Mit G{\"{e}}ocaching zur{\"{u}}ck zur Natur},
publisher = {rororo},
year = {2007},
key = {Hoecker}
}
   
@Article{a:gc.com,
author = {Geocaching.com},
title = {How to find a cache},
journal = {The GC Journal},
year = {2000}
}
